@article {McLain,
    AUTHOR = {McLain, D. H.},
    authorfa = {مکلین and همکاران},
     TITLE = {Two dimensional interpolation from random data},
   JOURNAL = {Comput. J.},
  FJOURNAL = {The Computer Journal},
    VOLUME = {19},
      YEAR = {1976},
    NUMBER = {2},
     PAGES = {178--181},
}
@article {Babu,
    AUTHOR = {Babu{\v{s}}ka, I. and Melenk, J. M.},
    authorfa = {بابوشکا},
     TITLE = {The partition of unity method},
   JOURNAL = {Internat. J. Numer. Methods Engrg.},
  FJOURNAL = {International Journal for Numerical Methods in Engineering},
    VOLUME = {40},
      YEAR = {1997},
    NUMBER = {4},
     PAGES = {727--758},
}
@article {Micchelli,
    AUTHOR = {Micchelli, C. A.},
    authorfa = {میشلی},
     TITLE = {Interpolation of scattered data: distance matrices and
              conditionally positive definite functions},
   JOURNAL = {Constr. Approx.},
  FJOURNAL = {Constructive Approximation. An International Journal for
              Approximations and Expansions},
    VOLUME = {2},
      YEAR = {1986},
    NUMBER = {1},
     PAGES = {11--22},
}
@book {Kwok,
    AUTHOR = {Kwok, Y. K.},
    authorfa = {کواک},
     TITLE = {Mathematical models of financial derivatives},
    SERIES = {Springer Finance},
   EDITION = {Second},
 PUBLISHER = {Springer},
   ADDRESS = {Berlin},
       YEAR = {2008},
}
@article {Fornberg,
    AUTHOR = {Fornberg, B. and Zuev, J.},
    authorfa = {فرونبرگ},
     TITLE = {The {R}unge phenomenon and spatially variable shape parameters
              in {RBF} interpolation},
   JOURNAL = {Comput. Math. Appl.},
  FJOURNAL = {Computers \& Mathematics with Applications. An International
              Journal},
    VOLUME = {54},
      YEAR = {2007},
    NUMBER = {3},
     PAGES = {379--398},
}
@article {Nielsen,
    AUTHOR = {Nielsen, B. F. and Skavhaug, O. and Tveito, A.},
    authorfa = {نیلسن},
     TITLE = {Penalty methods for the numerical solution of {A}merican
              multi-asset option problems},
   JOURNAL = {J. Comput. Appl. Math.},
  FJOURNAL = {Journal of Computational and Applied Mathematics},
    VOLUME = {222},
      YEAR = {2008},
    NUMBER = {1},
     PAGES = {3--16},
}
@article {Pettersson,
    AUTHOR = {Pettersson, U. and Larsson, E. and Marcusson,
              G. and Persson, J.},
              authorfa = {پترسون},
     TITLE = {Improved radial basis function methods for multi-dimensional
              option pricing},
   JOURNAL = {J. Comput. Appl. Math.},
  FJOURNAL = {Journal of Computational and Applied Mathematics},
    VOLUME = {222},
      YEAR = {2008},
    NUMBER = {1},
     PAGES = {82--93},
}
@article {Rieger,
    AUTHOR = {Rieger, C. and Zwicknagl, B.},
    authorfa = {ریقر},
     TITLE = {Sampling inequalities for infinitely smooth functions, with
              applications to interpolation and machine learning},
   JOURNAL = {Adv. Comput. Math.},
  FJOURNAL = {Advances in Computational Mathematics},
    VOLUME = {32},
      YEAR = {2010},
    NUMBER = {1},
     PAGES = {103--129},
}
@article {Wendland,
    AUTHOR = {Wendland, H.},
    authorfa = {وندلند},
     TITLE = {Piecewise polynomial, positive definite and compactly
              supported radial functions of minimal degree},
   JOURNAL = {Adv. Comput. Math.},
  FJOURNAL = {Advances in Computational Mathematics},
    VOLUME = {4},
      YEAR = {1995},
    NUMBER = {4},
     PAGES = {389--396},
}
@article {ItoToi,
    AUTHOR  = {Ito, K. and Toivanen, J.},
    authorfa = {ایتو},
         TITLE = {Lagrange multiplier approach with optimized finite difference
                      stencils for pricing {A}merican options under stochastic
                      volatility},
   JOURNAL = {SIAM J. Sci. Comput.},
  FJOURNAL = {SIAM Journal on Scientific Computing},
     VOLUME = {31},
          YEAR = {2009},
     NUMBER = {4},
       PAGES = {2646--2664},
}
@article {Zvan,
    AUTHOR = {Zvan, R. and Forsyth, P. A. and Vetzal, K. R.},
    authorfa = {زوان},
     TITLE = {Penalty methods for {A}merican options with stochastic
              volatility},
   JOURNAL = {J. Comput. Appl. Math.},
  FJOURNAL = {Journal of Computational and Applied Mathematics},
    VOLUME = {91},
      YEAR = {1998},
    NUMBER = {2},
     PAGES = {199--218},
}
@book {Platte,
    AUTHOR = {Platte, R. B.},
    authorfa = {پلاته},
     TITLE = {Accuracy and stability of global radial basis function methods
              for the numerical solution of partial differential equations},
      NOTE = {Thesis (Ph.D.)--University of Delaware},
 PUBLISHER = {ProQuest LLC, Ann Arbor, MI},
      YEAR = {2005},
}
@unpublished {Larsson,
    AUTHOR = {Larsson, E. and Heryudono, A.},
    authorfa = {لارسن},
     TITLE = {A partition of unity radial basis function collocation method for
              partial differential equations},
      YEAR = {2013},
      NOTE = {manuscript in preparation},
}
   @article {Shepard,
    AUTHOR = {Shepard, D.},
    authorfa = {شپرد},
     TITLE = {A two dimensional interpolation function for irregularly space data},
   JOURNAL = {J. Comput. Appl. Math.},
      YEAR = {1968},
     PAGES = {517--524},
}
@article {Wu,
    AUTHOR = {Wu, Z. and Hon, Y. C.},
    authorfa = {وا},
     TITLE = {Convergence error estimate in solving free
               boundary diffusion problem by radial basis functions method},
   JOURNAL = {Engrg. Anal. Bound. Elem.},
    VOLUME = {27},
      YEAR = {2003},
     PAGES = {73--79},
}
@article {Hon,
    AUTHOR = {Hon, Y. C. and Mao, X. Z.},
    authorfa = {هون},
     TITLE = {A radial basis function method for solving options pricing models},
   JOURNAL = {J. Financial Engineering},
    VOLUME = {8},
      YEAR = {1999},
     PAGES = {31--49},
}
@article {Nielsen,
    AUTHOR = {Nielsen, B. F.  and Skavhaug, O. and Tveito, A.},
    authorfa = {نیلسن},
     TITLE = {Penalty and front-fixing methods for the numerical
              solution of American option problems},
   JOURNAL = {J. Comput. Finance},
    VOLUME = {5},
      YEAR = {2002},
     PAGES = {69--97},
}
@article {Fasshauer,
    AUTHOR = {Fasshauer, G.  and Khaliq, A. Q. M. and Voss, D. A.},
    authorfa = {فشوئر},
     TITLE = {Using mesh free approximation for multi asset American options},
   JOURNAL = {in: C.S. Chen (Ed.), Mesh free methods, Journal of Chinese Institute of Engineers},
    VOLUME = {27},
      YEAR = {2004},
     PAGES = {563--571},
     note={special issue},
}
@ARTICLE{Vahedi87,
  AUTHOR =  {واحدی, مصطفی},
  TITLE =  {درختان پوشای کمینه دورنگی مسطح},
  JOURNAL =  {مجله فارسی نمونه},
  VOLUME =  {1},
  YEAR =  {1387},
  NUMBER =  {2},
  MONTH =  {آبان},
  PAGES =  {22-30},
  LANGUAGE =   {Persian}
}
@inproceedings {verma2020,
    AUTHOR = {Verma, Saurav. and Jain, Khushboo. and Prakash, Chetana.},
    authorfa = {ورما AND همکاران},
     TITLE = {An Unstructured to Structured Data Conversion using Machine Learning Algorithm in Internet of Things (IoT)},
      YEAR = {2020},
     note={Proceedings of the International Conference on Innovative Computing \& Communications (ICICC)},
}
@ARTICLE{Eskandari, 
    author = {Eskandari, Farzad. and Naghizadeh Ardebili, Sima.},  
    authorfa={اسکندری AND همکاران},
      title = {Bayesian Modeling Based on Data from the Internet of Things}, 
      journal = {Andishe-ye-amari},
      year = {2021},
      volume = {25}, 
      number = {2},    
}
@book{Rezaei99,
	author =  {رضائی‌تبار،وحید and خودکامه،شقایق and ماهوتچی،مهدیه},
	TITLE =  {داده‌ کاوی ‌با‌ نرم ‌افزار‌R},
	publisher =  {انتشارات دانشگاه علامه طباطبائی},
	YEAR =  {1399},
	volume =  {1},
	LANGUAGE =   {Persian}
}

@book{Azizi2021,
	author = {Azizi, Sadoon and Amini, Yasin},
	authorfa={عزیزی and امینی},
	year = {2021},
	month = {01},
	pages = {},
	title = {Big Data and Internet of Things: Principles and Tools (in Persian) کلان داده ها و اینترنت اشیاء: اصول و ابزارها},
	isbn = {978-622-6702-24-9}
}

@book{emc2015data,
	title={Data Science \& Big Data Analytics: Discovering, Analyzing, Visualizing and Presenting Data},
	author={EMC Education Services},
	authorfa={وایلی},
	isbn={9781119183686},
	url={https://books.google.com/books?id=qoT-jgEACAAJ},
	year={2015},
	publisher={Wiley}
}
@article{alaskar2021machine,
	title={Machine learning and deep learning: a comparative review},
	author={Alaskar, Hind and Saba, TanzilaSaba},
	authorfa={آلاسکار and صبا},
	journal={Proceedings of Integrated Intelligence Enable Networks and Computing: IIENC 2020},
	pages={143--150},
	year={2021},
	publisher={Springer}
}
@inproceedings {abidin2010,
    AUTHOR = {Abidin, Siti ZZ. and Idris, Noorazida Mohd. and Husain, Azizul H.},
    authorfa = {عابدین AND همکاران},
     TITLE = {Extraction and classification of unstructured data in WebPages for structured multimedia database via XML},
      YEAR = {2010},
      PAGES = {44--49},
}
@inproceedings {gandhi2016,
    AUTHOR = {Gandhi, Kalgi. and Madia, Nidhi.},
    authorfa = {گاندی AND مدیا},
     TITLE = {Information extraction from unstructured data using RDF},
      YEAR = {2016},
      PAGES = {1--6},
}
@inproceedings {mishra2017,
    AUTHOR = {Mishra, Suyash. and Misra, Anuranjan.},
    authorfa = {میشرا AND میسره},
     TITLE = {Structured and unstructured big data analytics},
      YEAR = {2017},
      PAGES = {740--746},
}
@inproceedings {sambrekar2018,
    AUTHOR = {Sambrekar, Kuldeep. and Rajpurohit, Vijay S. and Joshi, Jui.},
    authorfa = {سامبرکار AND همکاران},
     TITLE = {A proposed technique for conversion of unstructured Agro-data to semi-structured or structured data},
      YEAR = {2018},
      PAGES = {1--5},
}
@article {tekli2016,
    AUTHOR = {Tekli, Joe.},
    authorfa = {تکلی},
     TITLE = {An overview on xml semantic disambiguation from unstructured text to semistructured data: Background, applications, and ongoing challenges},
   JOURNAL = {IEEE Transactions on Knowledge and Data Engineering},
    VOLUME = {28},
      YEAR = {2016},
     PAGES = {1383--1407},
     note={special issue},
}
@inproceedings {artiles2004,
    AUTHOR = {Artiles, Javier. and Penas, Anselmo. and Verdejo, Felisa.},
    authorfa = {آرتایلز AND همکاران},
     TITLE = {Word Sense Disambiguation based on term to term similarity in a context space},
      YEAR = {2004},
      PAGES = {58--63},
}
@inproceedings {abdullah2013,
    AUTHOR = {Abdullah, Mohammad Fikry. and Ahmad, Kamsuriah.},
    authorfa = {عبدالله AND کمسوریه},
     TITLE = {The mapping process of unstructured data to structured data},
      YEAR = {2013},
      PAGES = {151--155},
}
@inproceedings {rusu2013,
    AUTHOR = {Rusu, Octavian. and Halcu, Ionela. and Grigoriu, Oana. and Neculoiu, Giorgian. and Sandulescu, Virginia. and Marinescu, Mariana. and Marinescu, Viorel.},
    authorfa = {روسو AND همکاران},
     TITLE = {Converting unstructured and semi-structured data into knowledge},
      YEAR = {2013},
      PAGES = {1--4},
}